@book{Hemingway1952,
  title     = {The Old Man and the Sea},
  author    = {Hemingway, Ernest},
  year      = 1952,
  publisher = {Charles Scribner's Sons}
}

@misc{SPIP,
  title = {SPIP,
  howpublished = {\url{https://www.spip.net/en_rubrique25.html}},
  note = {Accessed: 2024-04-26}
}